<record><leader>00000cas a22000007a 4500</leader><controlfield tag="001">17898456</controlfield><controlfield tag="008">880505d19751976lauwr ne      0    0eng d</controlfield><datafield ind1=" " ind2=" " tag="010"><subfield code="a">sn 88064400 </subfield></datafield><datafield ind1=" " ind2=" " tag="040"><subfield code="a">LNP</subfield><subfield code="b">eng</subfield><subfield code="c">LNP</subfield><subfield code="d">OCLCQ</subfield></datafield><datafield ind1=" " ind2=" " tag="042"><subfield code="a">msc</subfield></datafield><datafield ind1="0" ind2="4" tag="245"><subfield code="a">The Plainsman-news.</subfield></datafield><datafield ind1=" " ind2=" " tag="260"><subfield code="a">Zachary, La. :</subfield><subfield code="b">GAME</subfield></datafield><datafield ind1=" " ind2=" " tag="310"><subfield code="a">Weekly</subfield></datafield><datafield ind1="0" ind2=" " tag="362"><subfield code="a">Vol. 23, no. 29 (Sept. 4, 1975)-v. 23, no. 46 (Jan. 1, 1976).</subfield></datafield><datafield ind1=" " ind2=" " tag="752"><subfield code="a">United States</subfield><subfield code="b">Louisiana</subfield><subfield code="c">East Baton Rouge</subfield><subfield code="d">Zachary.</subfield></datafield><datafield ind1=" " ind2=" " tag="752"><subfield code="a">United States</subfield><subfield code="b">Louisiana</subfield><subfield code="c">East Baton Rouge</subfield><subfield code="d">Baker.</subfield></datafield><datafield ind1="0" ind2="4" tag="780"><subfield code="t">Plainsman (Zachary, La.)</subfield><subfield code="w">(DLC)sn 88064399</subfield></datafield><datafield ind1="0" ind2="4" tag="780"><subfield code="t">Baker news</subfield><subfield code="w">(DLC)sn 88064092</subfield></datafield><datafield ind1="0" ind2="0" tag="785"><subfield code="t">Zachary plainsman-news</subfield><subfield code="w">(DLC)sn 88064401</subfield></datafield></record>